<?xml version="1.0" encoding="UTF-8"?><collection xmlns="http://www.loc.gov/MARC21/slim"><record><leader>00335nam--2200121-i-4500</leader><controlfield tag="001">000016351</controlfield><controlfield tag="002">20161230</controlfield><controlfield tag="005">20161230201031</controlfield><controlfield tag="008">060222s1000------------r-----000-0-eng-d</controlfield><datafield ind1=" " ind2=" " tag="100"><subfield code="a">Mira, Christian</subfield></datafield><datafield ind1=" " ind2=" " tag="245"><subfield code="a">Contribution a l etude des circuits d un codeu r electronique.these</subfield></datafield><datafield ind1=" " ind2=" " tag="260"><subfield code="a">Toulouse ,Universite,1961. 68 P</subfield></datafield><datafield ind1=" " ind2=" " tag="852"><subfield code="a">78190</subfield></datafield></record></collection>